@Unpublished{Hinton,
  author = 		 {G. Hinton et al.},
  title = 		 {Lecture 6 - RMSProp, COURSERA: Neural Networks for Machine Learning, slide 29},
  organization = {Coursera},
  year = 2010,
  note = {http://www.cs.toronto.edu/~tijmen/csc321/slides/lecture\_slides\_lec6.pdf}
}

@article{calibrating_variance_paper,
	author    = {Kaiming He and
	Xiangyu Zhang and
	Shaoqing Ren and
	Jian Sun},
	title     = {Delving Deep into Rectifiers: Surpassing Human-Level Performance on
	ImageNet Classification},
	journal   = {CoRR},
	volume    = {abs/1502.01852},
	year      = {2015},
	url       = {http://arxiv.org/abs/1502.01852},
	archivePrefix = {arXiv},
	eprint    = {1502.01852},
	timestamp = {Wed, 07 Jun 2017 14:41:19 +0200},
	biburl    = {http://dblp.org/rec/bib/journals/corr/HeZR015},
	bibsource = {dblp computer science bibliography, http://dblp.org}
}

@misc{calibratin_variance_blog,
	author = {Andrje Karpathy},
	title = {{Calibrating variance}},
	howpublished = "\url{http://cs231n.github.io/neural-networks-2/#init}{Calibrating the variances with 1/sqrt(n)}",
	year = {2017}, 
	note = "[Online; accessed 10.10.2017]"
	}

@inproceedings{relu, 
	Publisher = {Omnipress}, 
	Title = {Rectified Linear Units Improve Restricted Boltzmann Machines}, 
	Url = {http://www.icml2010.org/papers/432.pdf}, 
	Booktitle = {Proceedings of the 27th International Conference on Machine Learning (ICML-10)}, 
	Author = {Vinod Nair and Geoffrey E. Hinton}, 
	Editor = {Johannes FÃ¼rnkranz and Thorsten Joachims}, 
	Year = {2010}, 
	Pages = {807-814} 
}

@misc{softmax, 
	title = {Softmax loss function - CS231n softmax},
	howpublished = "\url{http://cs231n.github.io/linear-classify/#softmax}",
	year = {2017},,
	note = "[Online; accessed 16.10.2017]"
	}

@misc{higgsChallenge,
	author = {Claire Adam-Bourdarios et al.},
	title = {{Learning to discover: the Higgs boson machine learning challenge}},
	howpublished = "\url{https://higgsml.lal.in2p3.fr/files/2014/04/documentation\_v1.8.pdf}",
	year = {2014}, 
	note = "[Online; accessed 02.10.2017]"
}


@misc{rmsprop,
	author={G. Hinton et al.},
	title={Lecture 6 - RMSProp, COURSERA: Neural Networks for Machine Learning, slide 29},
	howpublished = "\url{http://www.cs.toronto.edu/~tijmen/csc321/slides/lecture_slides_lec6.pdf}",
	year = {2014},
	note = "[Online; accessed 10.10.2017]	
}

@misc{rbf_book,
	author = {Mark Orr},
	title = {Introduction to Radial Basis Function Networks},
	year = {1996},
	note = {https://www.cc.gatech.edu/~isbell/tutorials/rbf-intro.pdf}
}

@misc{rbf_wiki,
	author = {Mark J. L. Orr},
	title = {Introduction to Radial Basis Function Networks},
	year = {1996},
	note = {https://en.wikipedia.org/wiki/Radial\_basis\_function\_kernel}
}
