@Article{kallet04methods,
  author = 	 {Richard H Kallet},
  title = 	 {How to Write the Methods Section of a Research Paper},
  journal = 	 {Respiratory Care},
  year = 	 2004,
  volume =	 49,
  number =	 10,
  pages =	 {1229--1232}
}

@article{Zhang05,
	author = "Author1 and Author2",
	title = "{The title}",
	booktitle = {ACM},
	year = {2005},
	volume = {3},
	issue = {2},
	pages = {363-387},
}
